@article{gerstmayr2023exudyn,
  title={Exudyn--~{A C++ based Python package for flexible multibody systems}},
  author={Johannes Gerstmayr},
journal={Multibody System Dynamics},
  volume={60},
  number={4},
  pages={533--561},
DOI = {10.1007/s11044-023-09937-1},
  year={2023},
publisher={Springer}
}

@BOOK{shabana2020dynamics,
  title 	= {Dynamics of Multibody Systems},
  publisher = {Cambridge university press},
  year 		= {2020},
  author 	= {A. Shabana, Ahmed},
  address 	= {Cambridge},
  URL 		={www.cambridge.org/9781107042650},
  }


@article{zwolfer2020concise,
  title={A concise nodal-based derivation of the floating frame of reference formulation for displacement-based solid finite elements: Avoiding inertia shape integrals},
  author={Zw{\"o}lfer, Andreas and Gerstmayr, Johannes},
  journal={Multibody System Dynamics},
  volume={49},
  number={3},
  pages={291--313},
  year={2020},
  publisher={Springer},
  DOI = {10.1007/s11044-019-09716-x},
}


@article{hansen2003reducing,
  title={Reducing the time complexity of the derandomized evolution strategy with covariance matrix adaptation (CMA-ES)},
  author={Hansen, Nikolaus and M{\"u}ller, Sibylle D and Koumoutsakos, Petros},
  journal={Evolutionary computation},
  volume={11},
  number={1},
  pages={1--18},
  year={2003},
  publisher={MIT Press},
doi   = {10.1162/106365603321828970}
}

@article{manzl2024slide,
  title={SLIDE: A machine-learning based method for forced dynamic response estimation of multibody systems},
  author={Manzl, Peter and Humer, Alexander and Khadim, Qasim and Gerstmayr, Johannes},
  journal={arXiv preprint arXiv:2409.18272},
  year={2024},
doi = {
https://doi.org/10.48550/arXiv.2409.18272}
}

@article{han2024data,
  title={Data-driven friction force prediction model for hydraulic actuators using deep neural networks},
  author={Han, Seongji and Orzechowski, Grzegorz and Kim, Jin-Gyun and Mikkola, Aki},
  journal={Mechanism and Machine Theory},
  volume={192},
  pages={105545},
  year={2024},
  publisher={Elsevier},
  doi = {j.mechmachtheory.2023.105545}
}

@article{khadim2024simulation,
    author = {Khadim, Qasim and Kurvinen, Emil and Mikkola, Aki and Orzechowski, Grzegorz},
    title = {Simulation-Driven Universal Surrogates of Coupled Mechanical Systems: Real-Time Simulation of a Forestry Crane},
    journal = {Journal of Computational and Nonlinear Dynamics},
    volume = {19},
    number = {7},
    pages = {071003},
    year = {2024},
    month = {05},
doi = {10.1115/1.4065015},
  publisher={American Society of Mechanical Engineers}
}

@article{zwolfer2021nodal,
  title={The nodal-based floating frame of reference formulation with modal reduction: How to calculate the invariants without a lumped mass approximation},
  author={Zw{\"o}lfer, Andreas and Gerstmayr, Johannes},
  journal={Acta Mechanica},
  volume={232},
  pages={835--851},
  year={2021},
  DOI = {https://doi.org/10.1007/s00707-020-02886-2},
publisher={Springer}
}

@BOOK{watton2009fundamentals,
  title 	= {Fluid Power systems: Modeling, Simulation, Analog, and Microcomputer Control},
  publisher = {Prentice Hall},
  year 		= {1989},
  author 	= {Watton, John},
  address 	= {New York},
  Doi 		= {10.5555/73931},
  }

@article{Johannes2024,
  title={From {3D} solid finite elements to reduced flexible
multibody bodies with constraint interfaces: A
holistic approach},
  author={ Gerstmayr, Johannes and Holzinger, Stefan and  Zw{\"o}lfer, Andreas},
  journal={Journal of Sound and Vibration},
  volume={Under Review},
  pages={},
  year={2025},
  DOI = {},
publisher={Springer}
}

@article{khadim2025real,
  title={Real-Time Structural Deflection Estimation in Hydraulically Actuated Systems Using 3D Flexible Multibody Simulation and DNNs},
  author={Khadim, Qasim and Manzl, Peter and Kurvinen, Emil and Mikkola, Aki and Orzechowski, Grzegorz and Gerstmayr, Johannes},
  journal={arXiv preprint arXiv:2503.07528},
  year={2025}
}

@article{brown2016continuous,
  title={A continuous velocity-based friction model for dynamics and control with physically meaningful parameters},
  author={Brown, Peter and McPhee, John},
  journal={Journal of Computational and Nonlinear Dynamics},
  volume={11},
  number={5},
  pages={054502},
   DOI = {10.1115/1.4033658 },
  year={2016},
  publisher={American Society of Mechanical Engineers}
}

@article{KHADIM2023105405,
title = {Experimental investigation into the state estimation of a forestry crane using the unscented Kalman filter and a multiphysics model},
author = {Qasim Khadim and Yashar Shabbouei Hagh and Dezhi Jiang and Lauri Pyrhönen and Suraj Jaiswal and Victor Zhidchenko and Xinxin Yu and Emil Kurvinen and Heikki Handroos and Aki Mikkola},
journal = {Mechanism and Machine Theory},
volume = {189},
pages = {105405},
year = {2023},
issn = {0094-114X},
doi = {10.1016/j.mechmachtheory.2023.105405},
}

@inproceedings{ikaheimo2024real,
author = {Ikäheimo, Eero and Khadim, Qasim and Choudhury, Tuhin and Kurvinen, Emil},
    title = {Real-Time Multibody Co-Simulation of Thermal and Electromechanical Systems in an Electric Wheel Loader Model},
    volume = {Volume 2A: 44th Computers and Information in Engineering Conference (CIE)},
    series = {International Design Engineering Technical Conferences and Computers and Information in Engineering Conference},
    pages = {V02AT02A010},
    year = {2024},
    month = {08},
    doi = {10.1115/DETC2024-146361},
}


@article{jarkkorahikainen_2018_combined,
  author = {Jarkko Rahikainen and Mikkola, Aki and Jussi Sopanen and Johannes Gerstmayr},
  month = {05},
  pages = {293-311},
  publisher = {Springer Science+Business Media},
  title = {Combined semi-recursive formulation and lumped fluid method for monolithic simulation of multibody and hydraulic dynamics},
  doi = {10.1007/s11044-018-9631-x},
  urldate = {2025-04-22},
  volume = {44},
  year = {2018},
  journal = {Multibody System Dynamics}
}

@article{jaiswal_2021_comparing,
  author = {Jaiswal, Suraj and Jarkko Rahikainen and Qasim Khadim and Jussi Sopanen and Mikkola, Aki},
  month = {01},
  pages = {169-191},
  publisher = {Springer Science+Business Media},
  title = {Comparing double-step and penalty-based semirecursive formulations for hydraulically actuated multibody systems in a monolithic approach},
  doi = {10.1007/s11044-020-09776-4},
  urldate = {2025-04-22},
  volume = {52},
  year = {2021},
  journal = {Multibody System Dynamics}
}

@article{khadim_2014_targeting,
  author = {Qasim Khadim and Esa-Pekka Kaikko and Eero Puolatie and Aki Mikkola},
  month = {06},
  title = {Targeting the user experience in the development of mobile machinery using real-time multibody simulation},
  doi = {10.1177/1687814020923176},
  urldate = {2025-04-22},
  volume = {12},
  number = {6},
  pages = {1687814020923176},
  year = {2014},
  journal = {Advances in Mechanical Engineering}
}

@article{jaiswal_2021_efficiency,
  author = {Jaiswal, Suraj and Sopanen, Jussi and Mikkola, Aki},
  month = {06},
  pages = {3497-3515},
  title = {Efficiency comparison of various friction models of a hydraulic cylinder in the framework of multibody system dynamics},
  doi = {10.1007/s11071-021-06526-9},
  urldate = {2022-01-27},
  volume = {104},
  year = {2021},
  journal = {Nonlinear Dynamics}
}

@article{qasimkhadim_2024_simulationdriven,
  author = {Qasim Khadim and Kurvinen, Emil and Mikkola, Aki and Orzechowski, Grzegorz},
  month = {03},
  publisher = {ASM International},
  title = {Simulation-Driven Universal Surrogates of Coupled Mechanical Systems: Real-Time Simulation of a Forestry Crane},
  doi = {10.1115/1.4065015},
  urldate = {2025-04-22},
  volume = {19},
  year = {2024},
  journal = {Journal of Computational and Nonlinear Dynamics}
}

@article{jaiswal_2021_realtime,
  author = {Jaiswal, Suraj and Åman, Rafael and Jussi Sopanen and Mikkola, Aki},
  month = {01},
  pages = {57645-57657},
  publisher = {Institute of Electrical and Electronics Engineers},
  title = {Real-Time Multibody Model-Based Heads-Up Display Unit of a Tractor},
  doi = {10.1109/access.2021.3072452},
  urldate = {2023-09-05},
  volume = {9},
  year = {2021},
  journal = {IEEE Access}
}

@article{rodrguez_2020_hardware,
  author = {Rodríguez, Antonio J and Pastorino, Roland and Ángel Carro-Lagoa and Janssens, Karl and Naya, Miguel Á},
  month = {04},
  pages = {455-473},
  publisher = {Springer Science+Business Media},
  title = {Hardware acceleration of multibody simulations for real-time embedded applications},
  doi = {10.1007/s11044-020-09738-w},
  urldate = {2025-04-22},
  volume = {51},
  year = {2020},
  journal = {Multibody System Dynamics}
}

@article{gil_2016_flexible,
  author = {Gil, Gibin and Nikravesh, Parviz E.},
  month = {01},
  pages = {3-13},
  title = {Flexible multibody simulation using hybrid integration scheme},
  doi = {10.1007/s11044-015-9499-y},
  urldate = {2022-07-18},
  volume = {37},
  year = {2016},
  journal = {Multibody System Dynamics}
}

@article{zwlfer_2019_a,
  author = {Zwölfer, Andreas and Gerstmayr, Johannes},
  month = {11},
  pages = {291-313},
  title = {A concise nodal-based derivation of the floating frame of reference formulation for displacement-based solid finite elements},
  doi = {10.1007/s11044-019-09716-x},
  urldate = {2022-09-12},
  volume = {49},
  year = {2019},
  journal = {Multibody System Dynamics}
}

@article{go_2024_a,
  author = {Go, Myeong Seok and Kim, Young Bae and Park, Jeong Hoon and Lim, Jae Hyuk and Kim, Jin Gyun},
  month = {04},
  publisher = {Springer Science+Business Media},
  title = {A rapidly trained DNN model for real-time flexible multibody dynamics simulations with a fixed-time increment},
  doi = {10.1007/s00366-024-01962-8},
  urldate = {2025-04-22},
  year = {2024},
  journal = {Engineering With Computers}
}

@article{alizadeh_2020_managing,
  author = {Alizadeh, Reza and Allen, Janet K and Farrokh Mistree},
  month = {04},
  pages = {275-298},
  publisher = {Springer Science+Business Media},
  title = {Managing computational complexity using surrogate models: a critical review},
  doi = {10.1007/s00163-020-00336-7},
  urldate = {2023-08-30},
  volume = {31},
  year = {2020},
  journal = {Research in Engineering Design}
}

@article{han_2020_simulation,
  author = {Han, Shilei and Bauchau, Olivier A},
  month = {05},
  pages = {381-413},
  publisher = {Springer Science+Business Media},
  title = {Simulation and stability analysis of periodic flexible multibody systems},
  doi = {10.1007/s11044-020-09741-1},
  urldate = {2025-04-22},
  volume = {50},
  year = {2020},
  journal = {Multibody System Dynamics}
}

@article{DADHICH2016212,
author = {S. Dadhich and U. Bodin and U. Andersson},
title = {Key challenges in automation of earth-moving machines},
journal = {Automation in Construction},
volume = {68},
pages = {212-222},
year = {2016},
issn = {0926-5805},
doi = {10.1016/j.autcon.2016.05.009},
}